@book{blackadar,
  title={K-theory for operator algebras},
  author={Blackadar, Bruce},
  volume={5},
  year={1998},
  publisher={Cambridge University Press}
}
@article{locglob,
  title={{A local global principle for regular operators in Hilbert $C^*$-modules}},
  author={Kaad, Jens and Lesch, Matthias},
  journal={Journal of Functional Analysis},
  volume={262},
  number={10},
  pages={4540--4569},
  year={2012},
  publisher={Elsevier}
}
@article{unboundkasp,
  title={{Spectral flow and the unbounded Kasparov product}},
  author={Kaad, Jens and Lesch, Matthias},
  journal={Advances in Mathematics},
  volume={248},
  pages={495--530},
  year={2013},
  publisher={Elsevier}
}
@inproceedings{bourne,
  title={{The K-Theoretic Bulk--Edge Correspondence for Topological Insulators}},
  author={Bourne, Chris and Kellendonk, Johannes and Rennie, Adam},
  booktitle={Annales Henri Poincar{\'e}},
  pages={1--34},
  year={2016},
  organization={Springer}
}
@book{lance95,
  title={{Hilbert $C^*$-modules: a toolkit for operator algebraists}},
  author={Lance, E Christopher},
  volume={210},
  year={1995},
  publisher={Cambridge University Press}
}
@article{baajjulg,
  title={{Th{\'e}orie bivariante de Kasparov et op{\'e}rateurs non born{\'e}s dans les $C^*$-modules hilbertiens}},
  author={Baaj, Saad and Julg, Pierre},
  journal={CR Acad. Sci. Paris S{\'e}r. I Math},
  volume={296},
  number={21},
  pages={875--878},
  year={1983}
}
@article{kasparov,
  title={{The operator K-functor and extensions of $C^*$-algebras}},
  author={Kasparov, Gennadii Georgievich},
  journal={Izvestiya Rossiiskoi Akademii Nauk. Seriya Matematicheskaya},
  volume={44},
  number={3},
  pages={571--636},
  year={1980},
  publisher={Russian Academy of Sciences, Steklov Mathematical Institute of Russian Academy of Sciences}
}
@book{higsonroe,
  title={Analytic K-homology},
  author={Higson, Nigel and Roe, John},
  year={2000},
  publisher={OUP Oxford}
}
@article{kucerovsky2000,
  title={{A lifting theorem giving an isomorphism of KK-products in bounded and unbounded KK-theory}},
  author={Kucerovsky, Dan},
  journal={Journal of Operator Theory},
  pages={255--275},
  year={2000},
  publisher={JSTOR}
}
@article{mesland,
  title={{Unbounded bivariant $ K $-theory and correspondences in noncommutative geometry}},
  author={Mesland, Bram},
  journal={arXiv preprint arXiv:0904.4383},
  year={2009}
}

@article{bellissard,
  title={The noncommutative geometry of the quantum Hall effect},
  author={Bellissard, Jean and van Elst, Andreas and Schulz-Baldes, Hermann},
  journal={Journal of Mathematical Physics},
  volume={35},
  number={10},
  pages={5373--5451},
  year={1994},
  publisher={AIP}
}
@article{kucerovsky,
  title={{The KK-Product of Unbounded Modules}},
  author={Kucerovsky, Dan},
  journal={K-theory},
  volume={11},
  number={1},
  pages={17--34},
  year={1997},
  publisher={Springer}
}

@inproceedings{kitaev,
  title={Periodic table for topological insulators and superconductors},
  author={Kitaev, Alexei and Lebedev, Vladimir and Feigelâ€™man, Mikhail},
  booktitle={AIP Conference Proceedings},
  volume={1134},
  number={1},
  pages={22--30},
  year={2009},
  organization={AIP}
}
@article{baldes,
  title={Topological insulators from the perspective of non-commutative geometry and index theory},
  author={Schulz-Baldes, Hermann},
  journal={Jahresbericht der Deutschen Mathematiker-Vereinigung},
  volume={118},
  number={4},
  pages={247--273},
  year={2016},
  publisher={Springer}
}
@article{noncomfram,
  title={A non-commutative framework for topological insulators},
  author={Bourne, Chris and Carey, Alan L and Rennie, Adam},
  journal={Reviews in Mathematical Physics},
  volume={28},
  number={02},
  pages={1650004},
  year={2016},
  publisher={World Scientific}
}
@article{moutou,
  title={Graded Brauer groups of a groupoid with involution},
  author={El-ka{\"\i}oum, M Moutuou},
  journal={Journal of Functional Analysis},
  volume={266},
  number={5},
  pages={2689--2739},
  year={2014},
  publisher={Elsevier}
}
@article{moutoucoh,
  title={On groupoids with involutions and their cohomology},
  author={El-ka{\i}oum, M Moutuou},
  journal={New York J. Math},
  volume={19},
  pages={729--792},
  year={2013}
}
@article{rosenberg,
  title={{Structure and applications of real $C^*$-algebras}},
  author={Rosenberg, Jonathan},
  journal={Operator Algebras and Their Applications},
  volume={671},
  pages={235},
  year={2016},
  publisher={American Mathematical Soc.}
}
@article{mesrennie,
  title={Nonunital spectral triples and metric completeness in unbounded KK-theory},
  author={Mesland, Bram and Rennie, Adam},
  journal={Journal of Functional Analysis},
  volume={271},
  number={9},
  pages={2460--2538},
  year={2016},
  publisher={Elsevier}
}
@book{dixmier,
  title={{$C^*$-Alg{\`e}bres et leurs representations.}},
  author={Dixmier, Jacques},
  year={1963},
  publisher={Gauthier-Villars \& Cie, Imprimerie Kundig}
}
@article{tensorprod,
  title={Tensor products of operator spaces},
  author={Blecher, David P and Paulsen, Vern I},
  journal={Journal of Functional Analysis},
  volume={99},
  number={2},
  pages={262--292},
  year={1991},
  publisher={Elsevier}
}
@article{tensorprod2,
  title={Tensor products of operator spaces II},
  author={Blecher, David P},
  journal={Canad. J. Math},
  volume={44},
  number={1},
  pages={75--90},
  year={1992}
}
@article{kaminkerputnam,
  title={K-theoretic duality for shifts of finite type},
  author={Kaminker, Jerome and Putnam, Ian},
  journal={Communications in mathematical physics},
  volume={187},
  number={3},
  pages={509--522},
  year={1997},
  publisher={Springer}
}
@article{emersonphd,
  title={An example of non-commutative Poincar{\'e} duality arising from hyperbolic dynamics},
  author={Emerson, Heath W},
  year={2001}
}
@article{jensmorita,
  title={Morita invariance of unbounded bivariant K-theory},
  author={Kaad, Jens},
  journal={arXiv preprint arXiv:1612.08405},
  year={2016}
}
@article{halfclosed,
  title={{On a theorem of Kucerovsky for half-closed chains}},
  author={Kaad, Jens and van Suijlekom, Walter D},
  journal={arXiv preprint arXiv:1709.08996},
  year={2017}
}
@article{kaad,
  title={{The unbounded Kasparov product by a differentiable module}},
  author={Kaad, Jens},
  journal={arXiv preprint arXiv:1509.09063},
  year={2015}
}
@book{schroder,
  title={{K-theory for real $C^*$-algebras and applications}},
  author={Schroder, Herbert},
  year={1993},
  publisher={Chapman and Hall/CRC}
}
@article{connes2,
  title={Gravity coupled with matter and the foundation of non-commutative geometry},
  author={Connes, Alain},
  journal={Communications in Mathematical Physics},
  volume={182},
  number={1},
  pages={155--176},
  year={1996},
  publisher={Springer}
}
@article{connes1,
  title={Noncommutative geometry and reality},
  author={Connes, Alain},
  journal={Journal of Mathematical Physics},
  volume={36},
  number={11},
  pages={6194--6231},
  year={1995},
  publisher={AIP}
}
@article{kasparov2,
  title={{Equivariant KK-theory and the Novikov conjecture}},
  author={Kasparov, Gennadi G},
  journal={Inventiones mathematicae},
  volume={91},
  number={1},
  pages={147--201},
  year={1988},
  publisher={Springer}
}
@article{rennie2,
  title={Riemannian manifolds in noncommutative geometry},
  author={Lord, Steven and Rennie, Adam and V{\'a}rilly, Joseph C},
  journal={Journal of Geometry and Physics},
  volume={62},
  number={7},
  pages={1611--1638},
  year={2012},
  publisher={Elsevier}
}
@book{bookbig,
  title={Noncommutative geometry},
  author={Connes, Alain},
  year={1994},
  publisher={Academic Press, Inc., San Diego, CA}
}
@article{pierre,
  title={{Op{\'e}rateurs r{\'e}guliers dans les $C^*$-modules et structure des $C^*$-algebres de groupes de Lie semisimples complexes simplement connexes}},
  author={Pierrot, Francois},
  journal={J. Lie Theory},
  volume={16},
  number={4},
  pages={651--689},
  year={2006}
}
@book{spingeom,
  title={Spin geometry},
  author={Michelson, B Lawson-ML and Lawson, H Blaine},
  publisher={Princeton Mathematical Series},
  volume={38},
  year={1989}
}
@article{meyer,
  title={Adjoining a unit to an operator algebra},
  author={Meyer, Ralf},
  journal={Journal of Operator Theory},
  pages={281--288},
  year={2001},
  publisher={JSTOR}
}
@article{wood,
  title={Unbounded multipliers on commutative Banach algebras},
  author={Wood, James},
  journal={Pacific Journal of Mathematics},
  volume={85},
  number={2},
  pages={479--484},
  year={1979},
  publisher={Mathematical Sciences Publishers}
}
@article{rosenbergbundle,
  title={Continuous-trace algebras from the bundle theoretic point of view},
  author={Rosenberg, Jonathan},
  journal={Journal of the Australian Mathematical Society},
  volume={47},
  number={3},
  pages={368--381},
  year={1989},
  publisher={Cambridge University Press}
}
@book{prodan,
  title={A Computational Non-commutative Geometry Program for Disordered Topological Insulators},
  author={Prodan, Emil},
  volume={23},
  year={2017},
  publisher={Springer}
}
@article{picard,
  title={{On the Picard group of a continuous trace $C^*$-algebra}},
  author={Raeburn, Iain},
  journal={Transactions of the American Mathematical Society},
  volume={263},
  number={1},
  pages={183--205},
  year={1981}
}

@article{suijlekom,
  title={Gauge theory for spectral triples and the unbounded Kasparov product},
  author={Brain, Simon and Mesland, Bram and van Suijlekom, Walter D},
  journal={arXiv preprint arXiv:1306.1951},
  year={2013}
}
@article{forsyth,
  title={Dense domains, symmetric operators and spectral triples},
  author={Forsyth, Iain and Mesland, Bram and Rennie, Adam},
  journal={New York J. Math},
  volume={20},
  pages={1001--1020},
  year={2014}
}
@article{blecher,
  title={Tensor products of operator spaces},
  author={Blecher, David P and Paulsen, Vern I},
  journal={Journal of Functional Analysis},
  volume={99},
  number={2},
  pages={262--292},
  year={1991},
  publisher={Elsevier}
}
@article{blechernew,
  title={{A new approach to Hilbert $C^*$ modules}},
  author={Blecher, David P},
  journal={Mathematische Annalen},
  volume={307},
  number={2},
  pages={253--290},
  year={1997},
  publisher={Springer}
}
@article{factor,
  title={A factor not anti-isomorphic to itself},
  author={Connes, Alain},
  journal={Annals of Mathematics},
  pages={536--554},
  year={1975},
  publisher={JSTOR}
}
@book{raeburncont,
  title={Morita equivalence and continuous-trace C*-algebras},
  author={Raeburn, Iain and Williams, Dana P},
  number={60},
  year={1998},
  publisher={American Mathematical Soc.}
}
@article{renault,
  title={The Brauer group of a locally compact groupoid},
  author={Kumjian, Alexander and Muhly, Paul S and Renault, Jean N and Williams, Dana P},
  journal={American journal of mathematics},
  pages={901--954},
  year={1998},
  publisher={JSTOR}
}
@article{abs,
  title={Clifford modules},
  author={Atiyah, Michael F and Bott, Raoul and Shapiro, Arnold},
  journal={Topology},
  volume={3},
  pages={3--38},
  year={1964},
  publisher={Pergamon}
}
@article{philips,
  title={CONTINUOUS--TRACE C*-ALGEBRAS NOT ISOMORPHIC TO THEIR OPPOSITE ALGEBRAS},
  author={Phillips, N Christopher},
  journal={International Journal of Mathematics},
  volume={12},
  number={03},
  pages={263--275},
  year={2001},
  publisher={World Scientific}
}
@article{divisionalgebra,
  title={Absolute-valued algebras},
  author={Urbanik, Kazimierz and Wright, Fred B},
  journal={Proceedings of the American Mathematical Society},
  volume={11},
  number={6},
  pages={861--866},
  year={1960},
  publisher={JSTOR}
}
@book{goodearl,
  title={Notes on real and complex C*-algebras},
  author={Goodearl, Kenneth R and Goodearl, Kenneth Ralph},
  year={1982},
  publisher={Shiva Nantwich, Cheshire}
}
@article{giordano,
  title={A classification of approximately finite real C*-algebras.},
  author={Giordano, Thierry},
  journal={Journal f{\"u}r die reine und angewandte Mathematik},
  volume={385},
  pages={161--194},
  year={1988}
}
@book{approx,
  title={C*-algebras and finite-dimensional approximations},
  author={Brown, Nathanial Patrick and Ozawa, Narutaka},
  volume={88},
  year={2008},
  publisher={American Mathematical Soc.}
}
@book{meise,
  title={Introduction to functional analysis},
  author={Meise, Reinhold and Vogt, Dietmar},
  year={1997},
  publisher={Clarendon Press}
}
@article{kasparovhilbert,
  title={Hilbert C*-modules: theorems of Stinespring and Voiculescu},
  author={Kasparov, GG},
  journal={Journal of operator theory},
  pages={133--150},
  year={1980},
  publisher={JSTOR}
}
@article{bellissard,
  title={The noncommutative geometry of the quantum Hall effect},
  author={Bellissard, Jean and van Elst, Andreas and Schulz-Baldes, Hermann},
  journal={Journal of Mathematical Physics},
  volume={35},
  number={10},
  pages={5373--5451},
  year={1994},
  publisher={AIP}
}

